<?xml version="1.0" encoding="utf-8"?>
<record xmlns="http://www.loc.gov/MARC21/slim" xmlns:xsi="http://www.w3.org/2001/XMLSchema-instance" xsi:schemaLocation="http://www.loc.gov/MARC21/slim http://www.loc.gov/standards/marcxml/schema/MARC21slim.xsd">
	<leader>     nam a22     Mi 4500</leader>
	<controlfield tag="001">613360</controlfield>
	<controlfield tag="003">NjP</controlfield>
	<controlfield tag="006">m        d        </controlfield>
	<controlfield tag="007">cr cn |||m|||a</controlfield>
	<controlfield tag="008">180802s1988    ir      ob    001 0 ara d</controlfield>
	<datafield ind1="7" ind2=" " tag="024">
		<subfield code="a">princeton_aco001264</subfield>
		<subfield code="2">local</subfield>
	</datafield>
	<datafield ind1=" " ind2=" " tag="040">
		<subfield code="a">ZYU</subfield>
		<subfield code="b">eng</subfield>
		<subfield code="c">ZYU</subfield>
	</datafield>
	<datafield ind1=" " ind2="4" tag="050">
		<subfield code="a">BP193.1.A2</subfield>
		<subfield code="b">M33 1988</subfield>
	</datafield>
	<datafield ind1="1" ind2=" " tag="100">
		<subfield code="6">880-01</subfield>
		<subfield code="a">Majlisī, Muḥammad Bāqir ibn Muḥammad Taqī,</subfield>
		<subfield code="d">1627 or 1628-approximately 1699.</subfield>
	</datafield>
	<datafield ind1="1" ind2="0" tag="240">
		<subfield code="6">880-02</subfield>
		<subfield code="a">Biḥār al-anwār.</subfield>
		<subfield code="k">Selections</subfield>
	</datafield>
	<datafield ind1="1" ind2="0" tag="245">
		<subfield code="6">880-03</subfield>
		<subfield code="a">Sharḥ nahj al-balāghah</subfield>
		<subfield code="h">[electronic resource] :</subfield>
		<subfield code="b">al-muqtaṭaf min Biḥār al-anwār /</subfield>
		<subfield code="c">lil-ʻallāmah al-Majlisī ; istikhrāj wa-tanẓīm ʻAlī Anṣāriyān ; taṣḥīḥ Murtaḍá Ḥājʻalī Fard.</subfield>
	</datafield>
	<datafield ind1=" " ind2=" " tag="250">
		<subfield code="6">880-04</subfield>
		<subfield code="a">al-Ṭabʻah 1.</subfield>
	</datafield>
	<datafield ind1=" " ind2=" " tag="260">
		<subfield code="6">880-05</subfield>
		<subfield code="a">[Qum] :</subfield>
		<subfield code="b">Wizārat al-Thaqāfah wa-al-Irshād al-Islāmī, al-Dāʼirah al-ʻĀmmah lil-Nashr wa-al-Iʻlām,</subfield>
		<subfield code="c">1408 [1988 or 1989]</subfield>
	</datafield>
	<datafield ind1=" " ind2=" " tag="300">
		<subfield code="a">online resource (3 v.)</subfield>
	</datafield>
	<datafield ind1=" " ind2=" " tag="500">
		<subfield code="a">Title page partially vocalized.</subfield>
	</datafield>
	<datafield ind1=" " ind2=" " tag="500">
		<subfield code="a">Includes indexes.</subfield>
	</datafield>
	<datafield ind1=" " ind2=" " tag="500">
		<subfield code="a">Part of the Arabic Collections Online (ACO) project, contributed by Princeton University Libraries.</subfield>
	</datafield>
	<datafield ind1=" " ind2=" " tag="504">
		<subfield code="a">Includes bibliographical references.</subfield>
	</datafield>
	<datafield ind1="0" ind2=" " tag="505">
		<subfield code="a">al-mujallad 1-2. al-Khuṭab -- al-mujallad 3. al-Rasāʼil wa-al-ḥukm.</subfield>
	</datafield>
	<datafield ind1=" " ind2=" " tag="533">
		<subfield code="a">Electronic reproduction.</subfield>
		<subfield code="b">New York, N.Y. :</subfield>
		<subfield code="c">New York University,</subfield>
		<subfield code="d">2018.</subfield>
		<subfield code="5">NNU</subfield>
	</datafield>
	<datafield ind1=" " ind2="0" tag="650">
		<subfield code="a">Hadith (Shiites)</subfield>
		<subfield code="x">Early works to 1800.</subfield>
	</datafield>
	<datafield ind1="1" ind2=" " tag="700">
		<subfield code="6">880-06</subfield>
		<subfield code="a">Anṣāriyān, ʻAlī. </subfield>
	</datafield>
	<datafield ind1="1" ind2=" " tag="700">
		<subfield code="6">880-07</subfield>
		<subfield code="a">Fard, Murtaḍá Ḥājʻalī. </subfield>
	</datafield>
	<datafield ind1="2" ind2=" " tag="710">
		<subfield code="a">Princeton University.</subfield>
		<subfield code="b">Library.</subfield>
	</datafield>
	<datafield ind1="0" ind2=" " tag="730">
		<subfield code="a">Arabic Collections Online.</subfield>
	</datafield>
	<datafield ind1="0" ind2="8" tag="776">
		<subfield code="i">Print version:</subfield>
		<subfield code="a">Majlisī, Muḥammad Bāqir ibn Muḥammad Taqī, 1627 or 1628-approximately 1699.</subfield>
		<subfield code="t">Sharḥ nahj al-balāghah</subfield>
		<subfield code="w">(NjP)613360</subfield>
	</datafield>
	<datafield ind1="4" ind2="0" tag="856">
		<subfield code="u">http://hdl.handle.net/2333.1/p2ngf7h1</subfield>
	</datafield>
	<datafield ind1="1" ind2=" " tag="880">
		<subfield code="6">100-01</subfield>
		<subfield code="a">مجلي، محمد باقر بن محمد تقي،‎</subfield>
		<subfield code="d">1627 or 1628-approximately 1699.</subfield>
	</datafield>
	<datafield ind1="1" ind2="0" tag="880">
		<subfield code="6">240-02</subfield>
		<subfield code="a">بحار الانوار.‎</subfield>
		<subfield code="k">Selections</subfield>
	</datafield>
	<datafield ind1="1" ind2="0" tag="880">
		<subfield code="6">245-03</subfield>
		<subfield code="a">شرح نهج البلاغة :‎</subfield>
		<subfield code="b">المقتطف من بحار الانوار /‎</subfield>
		<subfield code="c">للعلامة المجلي ؛ استخراج وتنظيم علي انصاريان ؛ تصحيح مرتضى حاجعلي فرد.‎</subfield>
	</datafield>
	<datafield ind1=" " ind2=" " tag="880">
		<subfield code="6">250-04</subfield>
		<subfield code="a">الطبعة 1.‎</subfield>
	</datafield>
	<datafield ind1=" " ind2=" " tag="880">
		<subfield code="6">260-05</subfield>
		<subfield code="a">[قم] :‎</subfield>
		<subfield code="b">وزارة الثقافة والارشاد الاسلامي، الدائرة العامة للنشر والاعلام،‎</subfield>
		<subfield code="c">1408 [1988 or 1989]</subfield>
	</datafield>
	<datafield ind1="1" ind2=" " tag="880">
		<subfield code="6">700-06</subfield>
		<subfield code="a">انصاريان، علي. ‎</subfield>
	</datafield>
	<datafield ind1="1" ind2=" " tag="880">
		<subfield code="6">700-07</subfield>
		<subfield code="a">فرد، مرتضى حاجعلي. ‎</subfield>
	</datafield>
	<datafield ind1=" " ind2=" " tag="911">
		<subfield code="a">19921028</subfield>
	</datafield>
	<datafield ind1=" " ind2=" " tag="912">
		<subfield code="a">19910104000000.0</subfield>
	</datafield>
	<datafield ind1=" " ind2=" " tag="959">
		<subfield code="a">NNU</subfield>
		<subfield code="b">WEB</subfield>
		<subfield code="c">GENI</subfield>
		<subfield code="t">0</subfield>
		<subfield code="m">Electronic access</subfield>
		<subfield code="s">01</subfield>
	</datafield>
	<datafield ind1=" " ind2=" " tag="999">
		<subfield code="i">NjP_613360</subfield>
		<subfield code="s">princeton_aco001265:mujallad 2</subfield>
		<subfield code="s">princeton_aco001266:mujallad 3</subfield>
		<subfield code="s">princeton_aco001264</subfield>
		<subfield code="e">(ERROR-880)(ERROR-MISC)</subfield>
		<subfield code="s">princeton_aco001265:mujallad 2</subfield>
		<subfield code="s">princeton_aco001266:mujallad 3</subfield>
		<subfield code="s">princeton_aco001264</subfield>
	</datafield>
</record>
